<record><leader>00000cas a2200000 a 4500</leader><controlfield tag="001">2651656</controlfield><controlfield tag="008">761229d182318uualuzn ne      0   a0eng  </controlfield><controlfield tag="009">466</controlfield><datafield ind1=" " ind2=" " tag="010"><subfield code="a">sn 85025907 </subfield><subfield code="z">   76640534 </subfield></datafield><datafield ind1=" " ind2=" " tag="040"><subfield code="a">DLC</subfield><subfield code="b">eng</subfield><subfield code="c">DLC</subfield><subfield code="d">NPX</subfield><subfield code="d">DLC</subfield><subfield code="d">OCL</subfield><subfield code="d">DLC</subfield><subfield code="d">CPN</subfield><subfield code="d">NVF</subfield></datafield><datafield ind1=" " ind2=" " tag="019"><subfield code="a">2710077</subfield></datafield><datafield ind1="1" ind2=" " tag="029"><subfield code="a">AU@</subfield><subfield code="b">000025824666</subfield></datafield><datafield ind1=" " ind2=" " tag="042"><subfield code="a">msc</subfield></datafield><datafield ind1="0" ind2="0" tag="050"><subfield code="a">Newspaper 7022</subfield></datafield><datafield ind1="0" ind2=" " tag="130"><subfield code="a">Mobile mercantile advertiser (Mobile, Ala. : 1823 : Semiweekly)</subfield></datafield><datafield ind1="0" ind2="0" tag="245"><subfield code="a">Mobile mercantile advertiser.</subfield></datafield><datafield ind1=" " ind2=" " tag="250"><subfield code="a">[For the country]</subfield></datafield><datafield ind1=" " ind2=" " tag="260"><subfield code="a">Mobile, Ala. :</subfield><subfield code="b">Nicholas &amp; Henry,</subfield><subfield code="c">1823-</subfield></datafield><datafield ind1=" " ind2=" " tag="300"><subfield code="a">v. ;</subfield><subfield code="c">55 cm.</subfield></datafield><datafield ind1=" " ind2=" " tag="310"><subfield code="a">Semiweekly (eight months a year), weekly (four months a year)</subfield></datafield><datafield ind1="0" ind2=" " tag="362"><subfield code="a">Nov. 10, 1823-</subfield></datafield><datafield ind1=" " ind2=" " tag="500"><subfield code="a">Publishers: Jno. Fitzgerald, &lt;1824&gt;.</subfield></datafield><datafield ind1=" " ind2=" " tag="500"><subfield code="a">Printers: Atherton T. Penniman, 1823-1824; Jno. Fitzgerald, &lt;1824&gt;.</subfield></datafield><datafield ind1=" " ind2=" " tag="530"><subfield code="a">Also available on microfilm from the University of Alabama.</subfield></datafield><datafield ind1=" " ind2=" " tag="580"><subfield code="a">Daily ed.: Mobile mercantile advertiser (Mobile, Ala. : 1833).</subfield></datafield><datafield ind1=" " ind2=" " tag="752"><subfield code="a">United States</subfield><subfield code="b">Alabama</subfield><subfield code="c">Mobile</subfield><subfield code="d">Mobile.</subfield></datafield><datafield ind1="1" ind2=" " tag="775"><subfield code="t">Mobile mercantile advertiser (Mobile, Ala. : 1833)</subfield><subfield code="w">(DLC)sn 84020695</subfield></datafield><datafield ind1="0" ind2="0" tag="780"><subfield code="t">Mobile Argus (Mobile, Ala. : Weekly)</subfield><subfield code="w">(DLC)sn 87062001</subfield></datafield><datafield ind1="0" ind2="0" tag="785"><subfield code="t">Mobile mercantile advertiser for the country</subfield><subfield code="w">(DLC)sn 85025227</subfield></datafield></record>